@ARTICLE{lecun_cnn,
  author={Lecun, Y. and Bottou, L. and Bengio, Y. and Haffner, P.},
  journal={Proceedings of the IEEE}, 
  title={Gradient-based learning applied to document recognition}, 
  year={1998},
  volume={86},
  number={11},
  pages={2278-2324},
  keywords={Neural networks;Pattern recognition;Machine learning;Optical character recognition software;Character recognition;Feature extraction;Multi-layer neural network;Optical computing;Hidden Markov models;Principal component analysis},
  doi={10.1109/5.726791}}

@misc{vgg,
      title={Very Deep Convolutional Networks for Large-Scale Image Recognition}, 
      author={Karen Simonyan and Andrew Zisserman},
      year={2015},
      eprint={1409.1556},
      archivePrefix={arXiv},
      primaryClass={cs.CV}
}

@misc{resnet,
      title={Deep Residual Learning for Image Recognition}, 
      author={Kaiming He and Xiangyu Zhang and Shaoqing Ren and Jian Sun},
      year={2015},
      eprint={1512.03385},
      archivePrefix={arXiv},
      primaryClass={cs.CV}
}

@INPROCEEDINGS{denset,
  author={Huang, Gao and Liu, Zhuang and Van Der Maaten, Laurens and Weinberger, Kilian Q.},
  booktitle={2017 IEEE Conference on Computer Vision and Pattern Recognition (CVPR)}, 
  title={Densely Connected Convolutional Networks}, 
  year={2017},
  volume={},
  number={},
  pages={2261-2269},
  keywords={Training;Convolution;Network architecture;Convolutional codes;Neural networks;Road transportation},
  doi={10.1109/CVPR.2017.243}}

@misc{vit,
      title={An Image is Worth 16x16 Words: Transformers for Image Recognition at Scale}, 
      author={Alexey Dosovitskiy and Lucas Beyer and Alexander Kolesnikov and Dirk Weissenborn and Xiaohua Zhai and Thomas Unterthiner and Mostafa Dehghani and Matthias Minderer and Georg Heigold and Sylvain Gelly and Jakob Uszkoreit and Neil Houlsby},
      year={2021},
      eprint={2010.11929},
      archivePrefix={arXiv},
      primaryClass={cs.CV}
}

